<?xml version="1.0" encoding="UTF-8"?><record xmlns="http://www.loc.gov/MARC21/slim" xmlns:cinclude="http://apache.org/cocoon/include/1.0" xmlns:zs="http://www.loc.gov/zing/srw/">
  <leader>00685nz  a2200181n  4500</leader>
  <controlfield tag="001">n  94108752 </controlfield>
  <controlfield tag="003">DLC</controlfield>
  <controlfield tag="005">19941109153250.3</controlfield>
  <controlfield tag="008">941109n| acaabaaa|          |a ana |||  </controlfield>
  <datafield tag="010" ind1=" " ind2=" ">
    <subfield code="a">n  94108752 </subfield>
  </datafield>
  <datafield tag="040" ind1=" " ind2=" ">
    <subfield code="a">DLC</subfield>
    <subfield code="c">DLC</subfield>
  </datafield>
  <datafield tag="130" ind1=" " ind2="0">
    <subfield code="a">Studia i materiały (Wyższa Szkoła Pedagogiczna w Olsztynie).</subfield>
    <subfield code="p">Filologia rosyjska</subfield>
  </datafield>
  <datafield tag="410" ind1="2" ind2="0">
    <subfield code="a">Wyższa Szkoła Pedagogiczna w Olsztynie.</subfield>
    <subfield code="t">Studia i materiały.</subfield>
    <subfield code="p">Filologia rosyjska</subfield>
  </datafield>
  <datafield tag="643" ind1=" " ind2=" ">
    <subfield code="a">Olsztyn</subfield>
    <subfield code="b">Wyższa Szkoła Pedagogiczne w Olsztynie</subfield>
  </datafield>
  <datafield tag="644" ind1=" " ind2=" ">
    <subfield code="a">f</subfield>
    <subfield code="5">DLC</subfield>
  </datafield>
  <datafield tag="645" ind1=" " ind2=" ">
    <subfield code="a">t</subfield>
    <subfield code="5">DLC</subfield>
  </datafield>
  <datafield tag="646" ind1=" " ind2=" ">
    <subfield code="a">s</subfield>
    <subfield code="5">DLC</subfield>
  </datafield>
  <datafield tag="670" ind1=" " ind2=" ">
    <subfield code="a">W kręgu kultury litewskiej, 1991:</subfield>
    <subfield code="b">t.p. (Wyższa Szkoła Pedagogiczna w Olsztynie, Studia i materiały, Filologia  rosyjksa)</subfield>
  </datafield>
</record>